@misc{0Day,
 author = "Knop, Dirk",
 title = {{Zero Day Lücke in Microsoft Office ermöglicht Codeschmuggel}},
 howpublished = "\url{https://www.heise.de/news/Zero-Day-Luecke-in-Microsoft-Office-erlaubt-Codeschmuggel-7125635.html}",
 year = {2022},
 note = "[Online; Zugriff am 01.06.2022]",
}
@misc{edcrypto,
 author = {Daniel J. Bernstein und Niels Duif und Tanja Lange und Peter Schwabe und Bo-Yin Yang},
 title = {Ed25519: high-speed high-security signatures},
 howpublished = "\url{https://ed25519.cr.yp.to/software.html}",
 year = {2017},
 note = "[Online; Zugriff am 07.07.2022]",
}
@inproceedings{SHOR,

  author={Shor, P.W.},

  booktitle={Proceedings 35th Annual Symposium on Foundations of Computer Science}, 

  title={Algorithms for quantum computation: discrete logarithms and factoring}, 

  year={1994},

  pages={124-134},

  note={10.1109/SFCS.1994.365700}
  }
@misc{ed25519,
 author = "S. Josefsson und I. Liusvaara",
 title = {{Edwards-Curve Digital Signature Algorithm (EdDSA)}},
 howpublished = "\url{https://datatracker.ietf.org/doc/html/rfc8032}",
 year ={2017},
 note = "[5.1 Ed25519; Online; Zugriff am 24.06.2022]",
}
@misc{ed25519_paper,
 author = {Daniel J. Bernstein und Niels Duif und Tanja Lange und Peter Schwabe und Bo-Yin Yang},
 title = "High-speed high-security signatures",
 howpublished = "\url{https://ed25519.cr.yp.to/ed25519-20110705.pdf}",
 year = {2011},
 note = "[Online; Zugriff am 24.06.2022]",
}
@misc{SUPERCOP,
 author = {SUPERCOP},
 title = {{eBACS: ECRYPT Benchmarking of Cryptographic Systems}},
 howpublished = "\url{https://bench.cr.yp.to/supercop.html}",
 year = {2022},
 note = "[Online; Zugriff am 07.07.2022]",
}
@misc{GNU217,
 author = "Koch, Werner",
 title = {{[Announce] GnuPG 2.1.7 released}},
 howpublished = "\url{https://lists.gnupg.org/pipermail/gnupg-announce/2015q3/000371.html}",
 year = {2022},
 note = "[Online; Zugriff am 04.07.2022]",
}
@misc{IsegDL,
 author = "Iseg",
 title = {{Downloadverzeichnis Iseg}},
 howpublished = "\url{https://iseg-hv.com/en/products/control}",
 year = {2022},
 note = "[Online; Zugriff am 13.07.2022]",
}
@misc{github,
 author = "Peters, Orson",
 title = {{Portable C implementation of Ed25519}},
 howpublished = "\url{https://github.com/orlp/ed25519}",
 year = {2022},
 note = "[Online; Zugriff am 07.07.2022]",
}
@misc{nakov,
 author = "Nakov, Svetlin",
 title = {{EdDSA and Ed25519: Elliptic Curve Digital Signatures}},
 howpublished = "\url{https://wizardforcel.gitbooks.io/practical-cryptography-for-developers-book/content/digital-signatures/eddsa-and-ed25519.html}",
 year = {2022},
 note = "[Online; Zugriff am 14.07.2022]",
}